

,-------------------.
|     PREAMBLE      |
`-------------------'

@preamble{ "\providecommand{\noopsort}[1]{}
           \providecommand{\singleletter}[1]{#1} "
}

,-------------------.
|  BIBTEX ENTRIES   |
`-------------------'

@article{carroll:brookings,
  author =        {Carroll, Christopher D.},
  journal =       {Brookings Papers on Economic Activity},
  note =
  {\url{http://econ.jhu.edu/people/ccarroll/BufferStockBPEA.pdf}},
  number =        {2},
  pages =         {61--156},
  title =         {The Buffer-Stock Theory of Saving: Some Macroeconomic
                   Evidence},
  volume =        {1992},
  year =          {1992},
  url =           {http://econ.jhu.edu/people/ccarroll/BufferStockBPEA.pdf},
}

@article{carroll:bslcpih,
  author =        {Carroll, Christopher D.},
  journal =       {Quarterly Journal of Economics},
  note =              {\url{http://econ.jhu.edu/people/ccarroll/BSLCPIH.zip}},
  number =        {1},
  pages =         {1--56},
  title =         {Buffer Stock Saving and the Life Cycle/Permanent
                   Income Hypothesis},
  volume =        {CXII},
  year =          {1997},
  url =           {http://econ.jhu.edu/people/ccarroll/BSLCPIH.zip},
}

@article{toche:urisk,
  author =        {Toche, Patrick},
  journal =       {Economics Letters},
  note =
  {\url{http://ideas.repec.org/a/eee/ecolet/v87y2005i2p267-272.html}},
  number =        {2},
  pages =         {267--272},
  title =         {A Tractable Model of Precautionary Saving in
                   Continuous Time},
  volume =        {87},
  year =          {2005},
  url =           {http://ideas.repec.org/a/eee/ecolet/
                  v87y2005i2p267-272.html},
}

@article{CarrollKimballPSPW,
  author =        {Carroll, Christopher D. and Kimball, Miles S.},
  journal =       {Palgrave Dictionary of Economics and Finance, 2nd
                   Ed.},
  note =
  {\url{http://econ.jhu.edu/people/ccarroll/PalgravePrecautionary.pdf}},
  title =         {Precautionary Saving and Precautionary Wealth},
  year =          {2007},
  url =           {http://econ.jhu.edu/people/ccarroll/
                  PalgravePrecautionary.pdf},
}

@article{carrollBSTheory,
  author =        {Carroll, Christopher},
  journal =       {Manuscript, Department of Economics, Johns Hopkins
                   University},
  note =
  {\url{http://econ.jhu.edu/people/ccarroll/papers/BufferStockTheory}},
  title =         {Theoretical Foundations of Buffer Stock Saving},
  year =          {2011},
  url =           {http://econ.jhu.edu/people/ccarroll/papers/
                  BufferStockTheory.pdf},
}

@article{carroll&kimball:concavity,
  author =        {Carroll, Christopher D. and Kimball, Miles S.},
  journal =       {Econometrica},
  note =
  {\url{http://econ.jhu.edu/people/ccarroll/concavity.pdf}},
  number =        {4},
  pages =         {981--992},
  title =         {On the {C}oncavity of the {C}onsumption {F}unction},
  volume =        {64},
  year =          {1996},
  url =           {http://econ.jhu.edu/people/ccarroll/concavity.pdf},
}

@article{blanchardFinite,
  author =        {Blanchard, Olivier J.},
  journal =       {Journal of Political Economy},
  month =         {April},
  number =        {2},
  pages =         {223--247},
  title =         {Debt, Deficits, and Finite Horizons},
  volume =        {93},
  year =          {1985},
}

@article{summersCapTax,
  author =        {Summers, Lawrence H.},
  journal =       {American Economic Review},
  note =          {\url{http://www.jstor.org/stable/1806179}},
  number =        {4},
  pages =         {533--544},
  title =         {Capital Taxation and Accumulation in a Life Cycle
                   Growth Model},
  volume =        {71},
  year =          {1981},
  url =           {http://www.jstor.org/stable/1806179},
}

@book{friedmanATheory,
  author =        {Friedman, Milton A.},
  publisher =     {Princeton University Press},
  title =         {A Theory of the Consumption Function},
  year =          {1957},
}

@article{kimball:smallandlarge,
  author =        {Kimball, Miles S.},
  journal =       {Econometrica},
  pages =         {53--73},
  title =         {Precautionary Saving in the Small and in the Large},
  volume =        {58},
  year =          {1990},
}

@article{hallSubstitution,
  author =        {Hall, Robert E.},
  journal =       {Journal of Political Economy},
  note =          {Available at
  {\url{http://www.stanford.edu/~rehall/Intertemporal-JPE-April-1988.pdf}}},
  pages =         {339-357},
  title =         {Intertemporal Substitution in Consumption},
  volume =        {XCVI},
  year =          {1988},
  url =           {http://www.stanford.edu/~rehall/
                  Intertemporal-JPE-April-1988.pdf},
}

@article{carroll:death,
  author =        {Carroll, Christopher D.},
  journal =       {Advances in Macroeconomics},
  note =          {\url{http://econ.jhu.edu/people/ccarroll/death.pdf}},
  number =        {1},
  pages =         {Article 6},
  title =         {Death to the {L}og-{L}inearized {C}onsumption {E}uler
                   {E}quation! ({A}nd {V}ery {P}oor {H}ealth to the
                   {S}econd-{O}rder Approximation)},
  volume =        {1},
  year =          {2001},
  url =           {http://econ.jhu.edu/people/ccarroll/death.pdf},
}

@article{ParkerPrestonPrecaution,
  author =        {Parker, Jonathan A. and Preston, Bruce},
  journal =       {American Economic Review},
  month =         {September},
  number =        {4},
  pages =         {1119--1143},
  title =         {Precautionary Saving and Consumption Fluctuations},
  volume =        {95},
  year =          {2005},
}

@article{cjSOE,
  author =        {Carroll, Christopher D. and Jeanne, Olivier},
  journal =       {NBER Working Paper Number 15228},
  month =         {August},
  note =              {\url{http://econ.jhu.edu/people/ccarroll/papers/cjSOE}},
  title =         {A Tractable Model of Precautionary Reserves, Net
                   Foreign Assets, or Sovereign Wealth Funds},
  year =          {2009},
  url =           {http://econ.jhu.edu/people/ccarroll/papers/cjSOE.pdf},
}

@article{When-FHWC-Holds,
  author =        {Carroll, Christopher D.},
  journal =
  {./Code/Mathematica/Examples/ManipulateParameters/When-FHWC-Holds.nb},
  note =          {Download
  \href{http://econ.jhu.edu/people/ccarroll/public/lecturenotes/consumption/TractableBufferStock.zip}{archive}
  and open Mathematica notebook},
  title =         {Mathematica Notebook Illustrating Target Wealth In
                   Cases Where FHWC-TBS and GIC-TBS Fail},
  year =          {Ongoing},
  url =           {http://econ.jhu.edu/people/ccarroll/public/lecturenotes/
                  consumption/TractableBufferStock.zip},
}

@book{judd:book,
  address =       {Cambridge, Massachusetts},
  author =        {Judd, Kenneth L.},
  publisher =     {The MIT Press},
  title =         {Numerical Methods in Economics},
  year =          {1998},
}

@article{parkLiqConstrContinuous,
  author =        {Park, Myung-Ho},
  journal =       {Economics Letters},
  pages =         {389--394},
  title =         {An Analytical Solution to the Inverse Consumption
                   Function with Liquidity Constraints},
  volume =        {92},
  year =          {2006},
}

