

,-------------------.
|     PREAMBLE      |
`-------------------'

@preamble{ "\providecommand{\noopsort}[1]{}
           \providecommand{\singleletter}[1]{#1}
           \providecommand{\noopsort}[1]{}
           \providecommand{\singleletter}[1]{#1} "
}

,-------------------.
|  BIBTEX ENTRIES   |
`-------------------'

@article{BufferStockTheory,
  author =        {Christopher D. Carroll},
  journal =       {Forthcoming, \emph{Quantitative Economics}},
  note =          {Available at
  \url{http://econ.jhu.edu/people/ccarroll/papers/BufferStockTheory}},
  title =         {Theoretical Foundations of Buffer Stock Saving},
  year =          {2020},
  url =           {http://econ.jhu.edu/people/ccarroll/papers/
                   BufferStockTheory.pdf},
}

@article{SolvingMicroDSOPs,
  author =        {Carroll, Christopher D.},
  journal =       {Archive, Johns Hopkins University},
  note =
  {\url{http://econ.jhu.edu/people/ccarroll/SolvingMicroDSOPs/}},
  title =         {Solving Microeconomic Dynamic Stochastic Optimization
                   Problems},
  year =          {2014},
  url =           {http://econ.jhu.edu/people/ccarroll/SolvingMicroDSOPs/},
}

@article{carrollEGM,
  author =        {Carroll, Christopher D.},
  journal =       {Economics Letters},
  month =         {September},
  note =
  {\url{http://econ.jhu.edu/people/ccarroll/EndogenousGridpoints.pdf}},
  number =        {3},
  pages =         {312--320},
  title =         {The {M}ethod of {E}ndogenous {G}ridpoints for
                   {S}olving {D}ynamic {S}tochastic {O}ptimization
                   {P}roblems},
  volume =        {91},
  year =          {2006},
  doi =           {10.1016/j.econlet.2005.09.013},
  url =           {http://econ.jhu.edu/people/ccarroll/EndogenousArchive.zip},
}

