

,-------------------.
|     PREAMBLE      |
`-------------------'

@preamble{ "\providecommand{\noopsort}[1]{}
           \providecommand{\singleletter}[1]{#1} "
}

,-------------------.
|  BIBTEX ENTRIES   |
`-------------------'

@article{gpLifecycle,
  author =        {Gourinchas, Pierre-Olivier and Parker, Jonathan},
  journal =       {Econometrica},
  number =        {1},
  pages =         {47--89},
  title =         {Consumption Over the Life Cycle},
  volume =        {70},
  year =          {2002},
}

@article{cagettiWprofiles,
  author =        {Marco Cagetti},
  journal =       {Journal of Business and Economic Statistics},
  number =        {3},
  pages =         {339--353},
  title =         {Wealth Accumulation Over the Life Cycle and
                   Precautionary Savings},
  volume =        {21},
  year =          {2003},
}

@article{carrollEGM,
  author =        {Carroll, Christopher D.},
  journal =       {Economics Letters},
  month =         {September},
  note =
  {\url{http://econ.jhu.edu/people/ccarroll/EndogenousGridpoints.pdf}},
  number =        {3},
  pages =         {312--320},
  title =         {The {M}ethod of {E}ndogenous {G}ridpoints for
                   {S}olving {D}ynamic {S}tochastic {O}ptimization
                   {P}roblems},
  volume =        {91},
  year =          {2006},
  doi =           {10.1016/j.econlet.2005.09.013},
  url =           {http://econ.jhu.edu/people/ccarroll/EndogenousArchive.zip},
}

@article{merton:restat,
  author =        {Merton, Robert C.},
  journal =       {Review of Economics and Statistics},
  pages =         {247--257},
  title =         {Lifetime Portfolio Selection under Uncertainty: The
                   Continuous Time Case},
  volume =        {51},
  year =          {1969},
}

@article{samuelson:portfolio,
  author =        {Samuelson, Paul A.},
  journal =       {Review of Economics and Statistics},
  pages =         {239--46},
  title =         {Lifetime Portfolio Selection by Dynamic Stochastic
                   Programming},
  volume =        {51},
  year =          {1969},
}

@misc{MathFacts,
  author =        {Carroll, Christopher D.},
  howpublished =  {Online Lecture Notes},
  title =         {Math Facts Useful for Graduate Macroeconomics},
  year =          {Current},
  url =           {http://econ.jhu.edu/people/ccarroll/public/lecturenotes/
                  mathfacts/},
}

@article{BufferStockTheory,
  author =        {Christopher D. Carroll},
  journal =       {Forthcoming, \emph{Quantitative Economics}},
  note =          {Available at
  \url{http://econ.jhu.edu/people/ccarroll/papers/BufferStockTheory}},
  title =         {Theoretical Foundations of Buffer Stock Saving},
  year =          {2020},
  url =           {http://econ.jhu.edu/people/ccarroll/papers/
                  BufferStockTheory.pdf},
}

@phdthesis{valencia:2006,
  author =        {Valencia, Fabian},
  month =         {October},
  school =        {Johns Hopkins University},
  title =         {Banks' Financial Structure and Business Cycles},
  year =          {2006},
  abstract =      {},
}

@article{kopecky2010finite,
  author =        {Kopecky, Karen A. and Suen, Richard M.H.},
  journal =       {Review of Economic Dynamics},
  note =              {\url{http://www.karenkopecky.net/RouwenhorstPaper.pdf}},
  number =        {3},
  pages =         {701--714},
  publisher =     {Elsevier},
  title =         {Finite State Markov-Chain Approximations To Highly
                   Persistent Processes},
  volume =        {13},
  year =          {2010},
  url =           {http://www.karenkopecky.net/RouwenhorstPaper.pdf},
}

@article{denHaanMarcet:parameterized,
  author =        {den Haan, Wouter J and Marcet, Albert},
  journal =       {Journal of Business and Economic Statistics},
  month =         {January},
  note =          {Available at
  {\url{http://ideas.repec.org/a/bes/jnlbes/v8y1990i1p31-34.html}}},
  number =        {1},
  pages =         {31--34},
  title =         {Solving the Stochastic Growth Model by Parameterizing
                   Expectations},
  volume =        {8},
  year =          {1990},
}

@article{carroll&kimball:concavity,
  author =        {Carroll, Christopher D. and Kimball, Miles S.},
  journal =       {Econometrica},
  note =
  {\url{http://econ.jhu.edu/people/ccarroll/concavity.pdf}},
  number =        {4},
  pages =         {981--992},
  title =         {On the {C}oncavity of the {C}onsumption {F}unction},
  volume =        {64},
  year =          {1996},
  url =           {http://econ.jhu.edu/people/ccarroll/concavity.pdf},
}

@article{deatonLiqConstr,
  author =        {Deaton, Angus S.},
  journal =       {Econometrica},
  note =          {\url{http://www.jstor.org/stable/2938366}},
  pages =         {1221-1248},
  title =         {Saving and Liquidity Constraints},
  volume =        {59},
  year =          {1991},
  url =           {http://www.jstor.org/stable/2938366},
}

@article{carroll:brookings,
  author =        {Carroll, Christopher D.},
  journal =       {Brookings Papers on Economic Activity},
  note =
  {\url{http://econ.jhu.edu/people/ccarroll/BufferStockBPEA.pdf}},
  number =        {2},
  pages =         {61--156},
  title =         {The Buffer-Stock Theory of Saving: Some Macroeconomic
                   Evidence},
  volume =        {1992},
  year =          {1992},
  url =           {http://econ.jhu.edu/people/ccarroll/BufferStockBPEA.pdf},
}

@article{carrollBSLCPIH,
  author =        {Carroll, Christopher D.},
  journal =       {Quarterly Journal of Economics},
  note =              {\url{http://econ.jhu.edu/people/ccarroll/BSLCPIH.zip}},
  number =        {1},
  pages =         {1--56},
  title =         {Buffer Stock Saving and the Life Cycle/Permanent
                   Income Hypothesis},
  volume =        {CXII},
  year =          {1997},
  url =           {http://econ.jhu.edu/people/ccarroll/BSLCPIH.zip},
}

@article{palumbo:medical,
  author =        {Palumbo, Michael G},
  journal =       {Review of Economic Studies},
  note =          {Available at
  {\url{http://ideas.repec.org/a/bla/restud/v66y1999i2p395-421.html}}},
  number =        {2},
  pages =         {395--421},
  title =         {Uncertain Medical Expenses and Precautionary Saving
                   Near the End of the Life Cycle},
  volume =        {66},
  year =          {1999},
}

@article{carroll&samwick:nature,
  author =        {Carroll, Christopher D. and Samwick, Andrew A.},
  journal =       {Journal of Monetary Economics},
  number =        {1},
  pages =         {41--71},
  title =         {The {N}ature of {P}recautionary {W}ealth},
  volume =        {40},
  year =          {1997},
  url =           {http://econ.jhu.edu/people/ccarroll/papers/nature.pdf},
}

@article{AttanasioBanksMeghirWeber,
  author =        {Attanasio, O.P. and Banks, J. and Meghir, C. and
                   Weber, G.},
  journal =       {Journal of Business and Economic Statistics},
  number =        {1},
  pages =         {22--35},
  publisher =     {JSTOR},
  title =         {Humps and Bumps in Lifetime Consumption},
  volume =        {17},
  year =          {1999},
}

@inproceedings{horowitzBootstrap,
  author =        {Joel L. Horowitz},
  booktitle =     {Handbook of Econometrics},
  editor =        {James J. Heckman and Edward Leamer},
  publisher =     {Elsevier/North Holland},
  title =         {The Bootstrap},
  volume =        {5},
  year =          {2001},
}

@book{judd:book,
  address =       {Cambridge, Massachusetts},
  author =        {Judd, Kenneth L.},
  publisher =     {The MIT Press},
  title =         {Numerical Methods in Economics},
  year =          {1998},
}

