

,-------------------.
|     PREAMBLE      |
`-------------------'

@preamble{ "\providecommand{\noopsort}[1]{}
           \providecommand{\singleletter}[1]{#1} "
}

,-------------------.
|  BIBTEX ENTRIES   |
`-------------------'

@article{BufferStockTheory,
  author =        {Christopher D. Carroll},
  journal =       {Forthcoming, \emph{Quantitative Economics}},
  note =          {Available at
  \url{http://econ.jhu.edu/people/ccarroll/papers/BufferStockTheory}},
  title =         {Theoretical Foundations of Buffer Stock Saving},
  year =          {2020},
  url =           {http://econ.jhu.edu/people/ccarroll/papers/
                  BufferStockTheory.pdf},
}

@article{cagettiWprofiles,
  author =        {Marco Cagetti},
  journal =       {Journal of Business and Economic Statistics},
  number =        {3},
  pages =         {339--353},
  title =         {Wealth Accumulation Over the Life Cycle and
                   Precautionary Savings},
  volume =        {21},
  year =          {2003},
}

@inproceedings{horowitzBootstrap,
  author =        {Joel L. Horowitz},
  booktitle =     {Handbook of Econometrics},
  editor =        {James J. Heckman and Edward Leamer},
  publisher =     {Elsevier/North Holland},
  title =         {The Bootstrap},
  volume =        {5},
  year =          {2001},
}

